@book{28771020090101,
Abstract = {Description based on print version record.},
Author = {Lopez, George A. and Brzoska, Michael},
ISBN = {9781848552029},
Publisher = {Emerald Book Serials and Monographs},
Series = {Contributions to Conflict Management, Peace Economics and Development},
Title = {Putting Teeth in the Tiger : Improving the Effectiveness of Arms Embargoes.},
URL = {http://libezproxy.syr.edu.libezproxy2.syr.edu/login?url=http://search.ebscohost.com/login.aspx?direct=true&db=e000xna&AN=287710&site=ehost-live},
Year = {2009},
}

@article{regan1996conditions,
  title={Conditions of successful third-party intervention in intrastate conflicts},
  author={Regan, Patrick M},
  journal={Journal of Conflict Resolution},
  volume={40},
  number={2},
  pages={336--359},
  year={1996},
  publisher={Sage Publications}
}

@book{regan2002civil,
  title={Civil wars and foreign powers: Outside intervention in intrastate conflict},
  author={Regan, Patrick M},
  year={2002},
  publisher={University of Michigan Press}
}

@article{regan2002third,
  title={Third-party interventions and the duration of intrastate conflicts},
  author={Regan, Patrick M},
  journal={Journal of Conflict Resolution},
  volume={46},
  number={1},
  pages={55--73},
  year={2002},
  publisher={Sage Publications}
}

@article{lacina2006explaining,
  title={Explaining the severity of civil wars},
  author={Lacina, Bethany},
  journal={Journal of Conflict Resolution},
  volume={50},
  number={2},
  pages={276--289},
  year={2006},
  publisher={Sage Publications}
}

@article{elbadawi2000external,
  title={External interventions and the duration of civil wars},
  author={Elbadawi, Ibrahim},
  journal={World Bank Policy Research Working Paper},
  number={2433},
  year={2000}
}

@article{cunningham2010blocking,
  title={Blocking resolution: How external states can prolong civil wars},
  author={Cunningham, David E},
  journal={Journal of Peace Research},
  volume={47},
  number={2},
  pages={115--127},
  year={2010},
  publisher={Sage Publications}
}

@article{hoeffler2014can,
  title={Can international interventions secure the peace?},
  author={Hoeffler, Anke},
  journal={International Area Studies Review},
  volume={17},
  number={1},
  pages={75--94},
  year={2014},
  publisher={SAGE Publications}
}

@article{jervis1999civil,
  title={Civil war and the security dilemma},
  author={Jervis, Robert and Snyder, Jack},
  journal={Civil Wars, Insecurity, and Intervention},
  pages={15--37},
  year={1999}
}

@article{toft2010ending,
  title={Ending Civil Wars: A Case for Rebel Victory?},
  author={Toft, Monica Duffy},
  journal={International Security},
  volume={34},
  number={4},
  pages={7--36},
  year={2010},
  publisher={MIT Press}
}

@article{visser2014irrelevance,
  title={The Irrelevance of the Security Dilemma for Civil Wars},
  author={Visser, Esther and Duyvesteyn, Isabelle},
  journal={Civil Wars},
  volume={16},
  number={1},
  pages={65--85},
  year={2014},
  publisher={Taylor \& Francis}
}

@article{henderson2013provision,
  title={Provision of Arms and Non-Lethal Assistance to Governmental and Opposition Forces, The},
  author={Henderson, Christian},
  journal={UNSWLJ},
  volume={36},
  pages={642},
  year={2013},
  publisher={HeinOnline}
}

@article{themner2011armed,
  title={Armed conflict, 1946--2010},
  author={Themner, Lotta and Wallensteen, Peter},
  journal={Journal of Peace Research},
  volume={48},
  number={4},
  pages={525--536},
  year={2011},
  publisher={Sage Publications}
}

@article{gleditsch2002armed,
  title={Armed conflict 1946-2001: A new dataset},
  author={Gleditsch, Nils Petter and Wallensteen, Peter and Eriksson, Mikael and Sollenberg, Margareta and Strand, Havard},
  journal={Journal of peace research},
  volume={39},
  number={5},
  pages={615--637},
  year={2002},
  publisher={Sage Publications}
}

@inproceedings{hogbladh2011external,
  title={External support in armed conflict 1975-2009. Presenting new data},
  author={Hoegbladh, Stina and Pettersson, Therse and Themner, Lotta},
  booktitle={52nd Annual International Studies Association Convention, Montreal, Canada, March},
  pages={16--19},
  year={2011}
}

@article{kreutz2010and,
  title={How and when armed conflicts end: Introducing the UCDP Conflict Termination dataset},
  author={Kreutz, Joakim},
  journal={Journal of Peace Research},
  volume={47},
  number={2},
  pages={243--250},
  year={2010},
  publisher={Sage Publications}
}

  @Manual{,
    title = {R: A Language and Environment for Statistical Computing},
    author = {{R Core Team}},
    organization = {R Foundation for Statistical Computing},
    address = {Vienna, Austria},
    year = {2013},
    url = {http://www.R-project.org/},
  }
  
@book{hobbes1969leviathan,
  title={Leviathan, 1651},
  author={Hobbes, Thomas},
  year={1969},
  publisher={Scolar Press}
}

