@article{sullivan2014conditional,
  title={The conditional impact of military intervention on internal armed conflict outcomes},
  author={Sullivan, Patricia L and Karreth, Johannes},
  journal={Conflict Management and Peace Science},
  pages={0738894214526540},
  year={2014},
  publisher={SAGE Publications}
}

@article{sawyer2015role,
  title={The Role of External Support in Civil War Termination},
  author={Sawyer, Katherine and Cunningham, Kathleen Gallagher and Reed, William},
  journal={Journal of Conflict Resolution},
  pages={0022002715600761},
  year={2015},
  publisher={SAGE Publications}
}

@article{kreutz2010and,
  title={How and when armed conflicts end: Introducing the UCDP Conflict Termination dataset},
  author={Kreutz, Joakim},
  journal={Journal of Peace Research},
  volume={47},
  number={2},
  pages={243--250},
  year={2010},
  publisher={Sage Publications}
}

@inproceedings{hogbladh2011external,
  title={External support in armed conflict 1975-2009. Presenting new data},
  author={Hoegbladh, Stina and Pettersson, Therse and Themner, Lotta},
  booktitle={52nd Annual International Studies Association Convention, Montreal, Canada, March},
  pages={16--19},
  year={2011}
}