@article{sullivan2014conditional,
  title={The conditional impact of military intervention on internal armed conflict outcomes},
  author={Sullivan, Patricia L and Karreth, Johannes},
  journal={Conflict Management and Peace Science},
  pages={0738894214526540},
  year={2014},
  publisher={SAGE Publications}
}

@article{sawyer2015role,
  title={The Role of External Support in Civil War Termination},
  author={Sawyer, Katherine and Cunningham, Kathleen Gallagher and Reed, William},
  journal={Journal of Conflict Resolution},
  pages={0022002715600761},
  year={2015},
  publisher={SAGE Publications}
}

@article{kreutz2010and,
  title={How and when armed conflicts end: Introducing the UCDP Conflict Termination dataset},
  author={Kreutz, Joakim},
  journal={Journal of Peace Research},
  volume={47},
  number={2},
  pages={243--250},
  year={2010},
  publisher={Sage Publications}
}

@inproceedings{hogbladh2011external,
  title={External support in armed conflict 1975-2009. Presenting new data},
  author={Hoegbladh, Stina and Pettersson, Therse and Themner, Lotta},
  booktitle={52nd Annual International Studies Association Convention, Montreal, Canada, March},
  pages={16--19},
  year={2011}
}

@article{cunningham2013non,
  title={Non-state actors in civil wars: A new dataset},
  author={Cunningham, David E and Gleditsch, Kristian Skrede and Salehyan, Idean},
  journal={Conflict Management and Peace Science},
  pages={0738894213499673},
  year={2013},
  publisher={SAGE Publications}
}

@Manual{CiteR,
  title = {R: A Language and Environment for Statistical Computing},
  author = {{R Core Team}},
  organization = {R Foundation for Statistical Computing},
  address = {Vienna, Austria},
  year = {2015},
  url = {https://www.R-project.org/},
  note = {Version 3.2.2}, 
}

 @Manual{,
    title = {rio: A Swiss-army knife for data file I/O},
    author = {Chung-hong Chan and Geoffrey CH Chan and Thomas J.
      Leeper},
    year = {2015},
    note = {R package version 0.2},
  }
  
  @article{warnes2014gdata,
  title={gdata: Various R programming tools for data manipulation},
  author={Warnes, Gregory R and Bolker, B and Gorjanc, G and Grothendieck, G and Korosec, A and Lumley, T and MacQueen, D and Magnusson, A and Rogers, J and others},
  journal={R package version},
  volume={2},
  number={3},
  year={2014}
}

@article{croissant2012estimation,
  title={Estimation of multinomial logit models in R: The mlogit Packages},
  author={Croissant, Yves and others},
  journal={R package version 0.2-2. URL: http://cran. r-project. org/web/packages/mlogit/vignettes/mlogit. pdf},
  year={2012}
}

@article{wickham2014dplyr,
  title={dplyr: A grammar of data manipulation},
  author={Wickham, Hadley and Francois, Romain},
  journal={R package version 0.3. 0.2},
  year={2014}
}

@article{fox2009car,
  title={car: Companion to Applied Regression [Software]},
  author={Fox, J and Weisberg, S},
  journal={URL http://CRAN. R—proj ect. org/package= car (R package Version 1.2—16)},
  year={2009}
}
